% Add the references below. You need to run bibtex and then latex
%  over the report to see the updated references.

% Authors are alphabetized by last names.  When an author is an institutions,
%  the name is enclosed in curly brackets to force alphabetizing by the
%  first letter of the name , e.g., {American Mathematical Society}, as in
%  an entry below.

@MISC{NOAA,
    AUTHOR ={ {National Oceanic And Atmospheric Administration} },
     TITLE ={{\em About National Marine Fisheries Service}},
    howpublished = {\texttt{http://www.nmfs.noaa.gov/aboutus/aboutus.html}},
      NOTE ={Accessed: September 30, 2012.},
}

@BOOK{deb,
    AUTHOR = {Deborah Nolan, Terry Speed},
     TITLE = {Stat Labs: Mathematical Statistics Through Applications},
      NOTE = {},
 PUBLISHER = {Springer},
      YEAR = {2000},
     PAGES = {},
      ISBN = {0-38798974-9},
}



